@book{Manning.2018cop.2008,
 author = {Manning, Christopher D. and Raghavan, Prabhakar and Schütze, Hinrich},
 year = {2018, cop. 2008},
 title = {Introduction to information retrieval},
 edition = {4th printing},
 publisher = {{Cambridge University Press}},
 isbn = {0521865719},
 location = {Cambridge},
 abstract = {},
 pagetotal = {XXI, 482 str.},
 file = {http://www.worldcat.org/oclc/1107073505}
}

@online{Dudenredaktion.2018,
 author = {Dudenredaktion},
 editor = {{Duden online}},
 year = {2018},
 title = {Plagiat},
 url = {https://www.duden.de/node/112024/revision/112060},
 urldate = {2020-12-03},
 abstract = {}
}

@inproceedings{TeddiFishman.2009,
 author = {{Teddi Fishman}},
 title = {“We know it when we see it” is not good enough: toward a standard definition of plagiarism that transcends theft, fraud, and copyright},
 booktitle = {Proceedings of the 4th Asia Pacific Conference on Educational Integrity (4APCEI)},
 year = {2009},
 abstract = {},
 venue = {University of Wollongong NSW Australia}
}
